<record><leader>00000cas a2200000 a 4500</leader><controlfield tag="001">12757926</controlfield><controlfield tag="008">851105d183u1838ohuwr ne      0    0eng  </controlfield><datafield ind1=" " ind2=" " tag="010"><subfield code="a">sn 85042641 </subfield></datafield><datafield ind1=" " ind2=" " tag="040"><subfield code="a">DLC</subfield><subfield code="b">eng</subfield><subfield code="c">DLC</subfield><subfield code="d">NPU</subfield><subfield code="d">ONP</subfield><subfield code="d">NVF</subfield><subfield code="d">DLC</subfield><subfield code="d">OCLCQ</subfield><subfield code="d">OCLCO</subfield><subfield code="d">OCLCQ</subfield><subfield code="d">OCLCF</subfield></datafield><datafield ind1="1" ind2=" " tag="029"><subfield code="a">AU@</subfield><subfield code="b">000021266433</subfield></datafield><datafield ind1=" " ind2=" " tag="042"><subfield code="a">pcc</subfield></datafield><datafield ind1=" " ind2=" " tag="043"><subfield code="a">n-us-oh</subfield></datafield><datafield ind1="0" ind2="0" tag="050"><subfield code="a">Newspaper 9340</subfield></datafield><datafield ind1="0" ind2="4" tag="245"><subfield code="a">The Troy, Ohio, times.</subfield></datafield><datafield ind1=" " ind2=" " tag="260"><subfield code="a">Troy, Ohio :</subfield><subfield code="b">John T. Tullis,</subfield><subfield code="c">-1838.</subfield></datafield><datafield ind1=" " ind2=" " tag="300"><subfield code="a">v.</subfield></datafield><datafield ind1=" " ind2=" " tag="310"><subfield code="a">Weekly</subfield></datafield><datafield ind1="0" ind2=" " tag="362"><subfield code="a">-v. 9, no. 23 (June 13, 1838) = -whole no. 438.</subfield></datafield><datafield ind1=" " ind2=" " tag="500"><subfield code="a">"Whig, &lt;1836&gt;-1838." Cf. Gutgesell, S. Guide to Ohio newspapers, 1974.</subfield></datafield><datafield ind1=" " ind2=" " tag="588"><subfield code="a">Description based on: Vol. 5, no. 25 (Jan. 18, 1834) = whole no. 233.</subfield></datafield><datafield ind1=" " ind2="0" tag="651"><subfield code="a">Troy (Ohio)</subfield><subfield code="v">Newspapers.</subfield></datafield><datafield ind1=" " ind2="7" tag="655"><subfield code="a">Newspapers.</subfield><subfield code="2">fast</subfield><subfield code="0">(OCoLC)fst01423814</subfield></datafield><datafield ind1=" " ind2="7" tag="651"><subfield code="a">Ohio</subfield><subfield code="z">Troy.</subfield><subfield code="2">fast</subfield><subfield code="0">(OCoLC)fst01222390</subfield></datafield><datafield ind1=" " ind2=" " tag="752"><subfield code="a">United States</subfield><subfield code="b">Ohio</subfield><subfield code="c">Miami</subfield><subfield code="d">Troy.</subfield></datafield><datafield ind1="0" ind2="0" tag="780"><subfield code="t">Troy times (Troy, Ohio : 1830)</subfield><subfield code="w">(DLC)sn 88077135</subfield></datafield><datafield ind1="0" ind2="0" tag="785"><subfield code="t">Troy times (Troy, Ohio : 1838)</subfield><subfield code="w">(DLC)sn 85038112</subfield></datafield></record>